<record><leader>00000cas a22000007a 4500</leader><controlfield tag="001">38526075</controlfield><controlfield tag="008">980227d19331934caucr ne      0    0eng d</controlfield><datafield ind1=" " ind2=" " tag="010"><subfield code="a">sn 98061530 </subfield></datafield><datafield ind1=" " ind2=" " tag="040"><subfield code="a">CNK</subfield><subfield code="b">eng</subfield><subfield code="c">CNK</subfield><subfield code="d">OCLCQ</subfield><subfield code="d">OCLCF</subfield><subfield code="d">OCLCO</subfield></datafield><datafield ind1="1" ind2=" " tag="029"><subfield code="a">AU@</subfield><subfield code="b">000013798171</subfield></datafield><datafield ind1=" " ind2=" " tag="042"><subfield code="a">msc</subfield></datafield><datafield ind1=" " ind2=" " tag="043"><subfield code="a">n-us-ca</subfield></datafield><datafield ind1="0" ind2=" " tag="130"><subfield code="a">South Los Angeles bulletin (Los Angeles, Calif. : Semiweekly)</subfield></datafield><datafield ind1="1" ind2="0" tag="245"><subfield code="a">South Los Angeles bulletin.</subfield></datafield><datafield ind1=" " ind2=" " tag="260"><subfield code="a">[Los Angeles, Calif. :</subfield><subfield code="b">s.n.]</subfield></datafield><datafield ind1=" " ind2=" " tag="300"><subfield code="a">v.</subfield></datafield><datafield ind1=" " ind2=" " tag="310"><subfield code="a">Semiweekly,</subfield><subfield code="b">&lt;May 14, 1933&gt;-Jan. 2, 1934</subfield></datafield><datafield ind1=" " ind2=" " tag="321"><subfield code="a">Weekly,</subfield><subfield code="b">Apr. 20, 1933-&lt;May 4, 1933&gt;</subfield></datafield><datafield ind1="0" ind2=" " tag="362"><subfield code="a">Vol. 1, no. 12 (Apr. 20, 1933)-v. 2, no. 1 (Jan. 2, 1934).</subfield></datafield><datafield ind1=" " ind2="0" tag="651"><subfield code="a">Los Angeles (Calif.)</subfield><subfield code="v">Newspapers.</subfield></datafield><datafield ind1=" " ind2="7" tag="655"><subfield code="a">Newspapers.</subfield><subfield code="2">fast</subfield><subfield code="0">(OCoLC)fst01423814</subfield></datafield><datafield ind1=" " ind2="7" tag="651"><subfield code="a">California</subfield><subfield code="z">Los Angeles.</subfield><subfield code="2">fast</subfield><subfield code="0">(OCoLC)fst01204540</subfield></datafield><datafield ind1=" " ind2=" " tag="752"><subfield code="a">United States</subfield><subfield code="b">California</subfield><subfield code="c">Los Angeles</subfield><subfield code="d">Los Angeles.</subfield></datafield><datafield ind1="0" ind2="0" tag="780"><subfield code="t">South-east Los Angeles commercial news</subfield><subfield code="w">(DLC)sn 98061529</subfield></datafield><datafield ind1="0" ind2="0" tag="785"><subfield code="t">Bulletin (Huntington Park, Calif. : 1934)</subfield><subfield code="w">(DLC)sn 98061531</subfield></datafield></record>